\bibitem{BJ08} M. Baczynski and B. Jayaram, \emph{Fuzzy implications}, Studies in
Fuzziness and Soft Computing, Vol. {\bf231}, Springer, Berlin-Heidelberg, 2008.


%\bibitem{BW96} B. De Baets and B. Walle, Weak and strong interval orders,
%\emph{Fuzzy Sets and Systs.}, {\bf 179} (1996), 213--225.
%
\bibitem{Bal06} J. Balasubramaniam, Contrapositive symmetrization of fuzzy implications - Revisited,
\emph{Fuzzy Sets and Systs.}, {\bf 157} (2006), 2291--2310.

%\bibitem{Bal08} J.\hspace{-0.05cm}Balasubramaniam,\hspace{-0.08cm} {\small On\hspace{-0.01cm}the\hspace{-0.01cm}law\hspace{-0.01cm} of\hspace{-0.01cm}Importantion{\small\hspace{-0.1cm}} $(\hspace{-0.05cm}x\hspace{-0.05cm}\wedge\hspace{-0.05cm}y)\hspace{-0.1cm}\rightarrow \hspace{-0.1cm}z\hspace{-0.1cm}\equiv\hspace{-0.1cm}(x\hspace{-0.1cm}\rightarrow \hspace{-0.1cm}(\hspace{-0.05cm}y\hspace{-0.05cm}\rightarrow\hspace{-0.05cm}z)\hspace{-0.05cm})$} in Fuzzy Logic,
%\emph{IEEE Trans. on Fuzzy Systs.}, {\bf 16}(1) (2008), 130--144.

\bibitem{BAL07}
J. Balasubramaniam,  Yager's new class of implications ${J}_f$ and some classical
  tautologies, \emph{Information Sciences}, \textbf{177}(3) (2007), 930--946.

%\bibitem{Bed10a}
%B. C. Bedregal, On interval fuzzy negations, \emph{Fuzzy Sets
%and Systs.}, {\bf 161} (2010), 2290 -- 2313.

@article{Bed10b,
  title={On interval fuzzy S-implications},
  author={Bedregal, Benjam{\'\i}n Callejas and Dimuro, Gra{\c{c}}aliz Pereira and Santiago, Regivan Hugo Nunes and Reiser, Renata Hax Sander},
  journal={Information Sciences},
  volume={180},
  number={8},
  pages={1373--1389},
  year={2010},
  publisher={Elsevier}
}

\bibitem{BRD09} B. Bedregal, R.H.S. Reiser and G.P. Dimuro,
Xor-Implications and E-Implications: Classes of Fuzzy Implications
Based on Fuzzy Xor. \emph{Elec. Notes in Theoretical Computer
Science}, {\bf 247} (2009), 5 -- 18.

%\bibitem{Benja-scan-2006} B. C. Bedregal and R. H. N. Santiago and R. H. S. Reiser and G. P. Dimuro,
%Analyzing Properties of Fuzzy Implications Obtained via the Interval Constructor, 12th GAMM - IMACS International Symposium on Scientific Computing, Computer Arithmetic and Validated Numerics, 26-29 September, Duisburg, 2006, SCAN 2006 Conference Post-Proceedings,2007, IEEE Computer Society, Los Alamitos, 13.

@inproceedings{BDR09,
  title={An Approach to Interval-Valued R-Implications and Automorphisms.},
  author={Bedregal, Benjam{\'\i}n RC and Dimuro, Gra{\c{c}}aliz Pereira and Reiser, Renata Hax Sander and Carvalho, JP and Dubois, D and Kaymak, U},
  booktitle={IFSA/EUSFLAT Conf.},
  pages={1--6},
  year={2009}
}

@article{BDSR10,
  title={On interval fuzzy S-implications},
  author={Bedregal, Benjam{\'\i}n Callejas and Dimuro, Gra{\c{c}}aliz Pereira and Santiago, Regivan Hugo Nunes and Reiser, Renata Hax Sander},
  journal={Information Sciences},
  volume={180},
  number={8},
  pages={1373--1389},
  year={2010},
  publisher={Elsevier}
}

@article{BT06a,
  title={The best interval representations of t-norms and automorphisms},
  author={Bedregal, Benjam{\'\i}n Ren{\'e} Callejas and Takahashi, Adriana},
  journal={Fuzzy Sets and Systems},
  volume={157},
  number={24},
  pages={3220--3230},
  year={2006},
  publisher={Elsevier}
}

@inproceedings{BT06b,
  title={Interval valued versions of t-conorms, fuzzy negations and fuzzy implications},
  author={Bedregal, Benjam{\i}n Callejas and Takahashi, Adriana},
  booktitle={2006 IEEE International Conference on Fuzzy Systems},
  pages={1981--1987},
  year={2006},
  organization={IEEE}
}

%\bibitem{BBF07} U. Bodenhofer, B. De Baets and J. C. Fodor,
%A compendium of fuzzy weak orders: Representations and
%constructions, \emph{Fuzzy Sets and Systs.}, {\bf 158} (8)
%(2007), 811--829.

%\bibitem{BUS00} H. Bustince, Indicator of inclusion grade for interval\-valued fuzzy sets.
%Application to approximative reasoning based on interval-valued
%fuzzy sets, \emph{International Jornal of Approximate Reasoning},
%{\bf 23} (2000), 137-- 209.

%\bibitem{BBM04} H. Bustince, E. Barrenechea and V. Mohedano,
%Intuitionistic fuzzy implication operators, an expression and main
%properties, \emph{Intl. Journal of Unc. Fuzziness
%Knowledge Based Systs.}, {\bf 12} (2004), 387
%--406.

%\bibitem{BP08} H. Bustince, E. Barrenechea, M. Pagola,  Generation of interval-valued fuzzy and atanassov's
%intuitionistic fuzzy connectives from fuzzy connectives and from
%{K} $\alpha$ operators: Laws for conjunctions and disjunctions,
%amplitude, \emph{Intl. Journal of Intelligent Systs.},
%\textbf{23} (6) (2008), 680--714.

@article{Bustince:2013,
  title={Generation of linear orders for intervals by means of aggregation functions},
  author={Bustince, H and Fern{\'a}ndez, Javier and Koles{\'a}rov{\'a}, Anna and Mesiar, Radko},
  journal={Fuzzy Sets and Systems},
  volume={220},
  pages={69--77},
  year={2013},
  publisher={Elsevier}
}

@article{BBS03,
  title={Automorphisms, negations and implication operators},
  author={Bustince, Humberto and Burillo, P and Soria, F},
  journal={Fuzzy Sets and Systems},
  volume={134},
  number={2},
  pages={209--229},
  year={2003},
  publisher={Elsevier}
}

%\bibitem{CB04} R. Callejas-Bedregal and B.R.C. Bedregal,
%Intervals as a Domain Constructor, {\it TEMA}, \textbf{2} (1) (2001),
%43--52.

%\bibitem{CDK03} C. Cornelis, G. Deschrijver,  E. E. Kerre, Implication in intuitionistic fuzzy and interval-valued
%fuzzy set theory: construction, classification, application,
%\emph{International Journal of Approximate Reasoning}, {\bf 35}
%(2004), 55--95.
%
%\bibitem{DK03} G. Deschrijver,  E. E. Kerre, On the relationship between some extensions of fuzzy set theory,
%\emph{Fuzzy Sets and Systs.}, {\bf 133} (2) (2003), 225 --
%235.
%
%\bibitem{CDK06} G. Cornelis, G. Deschrijver, E.E. Kerre, Advances and
%Challenges in Interval-Valued Fuzzy Logic, {\it Fuzzy Sets and
%Systs.}, \textbf{157} (2006), 622--627.

%\bibitem{GK05} G. Deschrijver and E. Kerre, Implicators based on binary aggregation operators in
%interval-valued fuzzy set theory, \emph{Fuzzy Sets and Systs.} \textbf{153} (2005), 229-248.
%
@article{Des08,
  title={A representation of t-norms in interval-valued L-fuzzy set theory},
  author={Deschrijver, Glad},
  journal={Fuzzy Sets and Systems},
  volume={159},
  number={13},
  pages={1597--1618},
  year={2008},
  publisher={Elsevier}
}


@article{BDSR11,
  title={Interval additive generators of interval t-norms and interval t-conorms},
  author={Dimuro, Gra{\c{c}}aliz Pereira and Bedregal, Benjam{\'\i}n Callejas and Santiago, Regivan Hugo Nunes and Reiser, Renata Hax Sander},
  journal={Information Sciences},
  volume={181},
  number={18},
  pages={3898--3916},
  year={2011},
  publisher={Elsevier}
}


%\bibitem{DP91} D. Dubois, H. Prade, Random sets and fuzzy interval analysis, \emph{Fuzzy Sets and Systs.},
%{\bf 42} (1) (1991), 87 -- 101.

%\bibitem{Dubois00}
%D. Dubois and H.  Prade, Fundamentals of Fuzzy Theory: The
%handbooks of fuzzy sets series, Ed. Didier Dubois and Henri Prade,
%Dordrecht: Kluwer Academic Publishers, (2000) 21--106.

%\bibitem{DuOsPr00} D. Dubois and W. Ostasiewicz and Henri Prade, Fuzzy sets: History and basic notions,
%The Handbooks of Fuzzy Sets Series: Fundamentals of Fuzzy Sets, Eds. Didier Dubois and Henri Prade, Boston:Kluwer Academic Publishers (2000),  21--124.
%
%
%\bibitem{Dubois05} D. Dubois, H.  Prade, Interval-valued fuzzy sets, possibility theory and
%imprecise probability, in Proceedings of the ``International Conference on Fuzzy Logic and Technology'',  pp.
% 314-319, Barcelona, 2005.
%
%\bibitem{Dubois2009} D. Dubois and H. Prade and S. Sessa, Recent Literature: Collected by Didier Dubois, Henri Prade and Salvatore Sessa, emph{Fuzzy Sets and Systs.}, {\bf 160} No.2 (2009), 2032--2048.

\bibitem{Duj95}  Ch. Dujet and N. Vincent, Force Implication: {A} New Approach to Human Reasoning,
\emph{Fuzzy Sets and Systs.}, \textbf{69} (1) (1995),
53--63.

%\bibitem{Fod91} J.C. Fodor, On fuzzy implication operators, \emph{Fuzzy Sets and Systs.}, \textbf{42} (1991),
%293--300.
%
\bibitem{FR94} J. Fodor and M. Roubens, Fuzzy Preference Modelling and Multicriteria Decision Support, Kluwer Academic Publisher, Dordrecht, 1994.

%\bibitem{Gasse08} B. Van Gasse, C. Cornelis, G. Deschrijver and E. Kerre,
%A characterization of interval valued residuated lattices,
%\emph{International Journal of Approximate Reasoning} {\bf 49} (2)
%(2008), 478 -- 487.

%\bibitem{Goguen67} J. Goguen, $L-$ fuzzy sets, \emph{Journal of Mathematical Analysis and Appls.},
%{\bf 18} (1) (1967), 145 - 174.
%
%\bibitem{Grattan-Guiness75} I.~Grattan-Guiness, Fuzzy membership mapped onto interval and
%many-valued  quantities, \emph{Z. Math. Logik. Grundladen Math.}
%\textbf{22} (1975) 149--160.

@article{GWW96b,
  title={Some comments on interval valued fuzzy sets!},
  author={Gehrke, Mai and Walker, Carol and Walker, Elbert},
  journal={structure},
  volume={1},
  pages={2},
  year={1996}
}

@inproceedings{GWW98,
  title={Algebraic aspects of fuzzy sets and fuzzy logics},
  author={Gehrke, Mai and Walker, Carol and Walker, Elbert},
  booktitle={Proceedings of the Workshop on Current Trends and Developments in Fuzzy Logic, Thessaloniki, Greece, October},
  volume={16},
  number={20},
  pages={1998},
  year={1999},
  organization={Citeseer}
}

@article{Hic01,
  title={Interval arithmetic: From principles to implementation},
  author={Hickey, Timothy and Ju, Qun and Van Emden, Maarten H},
  journal={Journal of the ACM (JACM)},
  volume={48},
  number={5},
  pages={1038--1068},
  year={2001},
  publisher={ACM}
}

@book{keafort,
  title={Applications of interval computations},
  author={Kearfott, R Baker and Kreinovich, Vladik},
  volume={3},
  year={2013},
  publisher={Springer Science \& Business Media}
}


@article{Lod02,
  title={Reliable computing: special issue on the linkages between interval mathematics and fuzzy set theory},
  author={Lodwick, Weldon A},
  journal={Reliable Computing},
  volume={8},
  number={1},
  pages={93--95},
  year={2002},
  publisher={Springer}
}


\bibitem{Mas07a}
M. Mas, M. Monserrat and E. Trillas, A survey on fuzzy implication functions,
\emph{IEEE Trans. on Fuzzy Systs.} \textbf{15}(6) (2007), 1107--1121.

\bibitem{MassanetT11} S. Massanet and J. Torrens, On a new class of fuzzy implications: H-Implications
		 and generalizations, \emph{Inf. Sci.},\hspace{-0.1cm}\textbf{181}(11) \hspace{-0.05cm}(2011),\hspace{-0.05cm} 2111--2127.

@article{Moo79,
  title={Methods and applications of interval analysis Philadelphia},
  author={Moore, RE},
  journal={Pennsylvania: SIAM},
  year={1979}
}

@article{Moo03,
  title={Interval analysis and fuzzy set theory},
  author={Moore, Ramon and Lodwick, Weldon},
  journal={Fuzzy sets and systems},
  volume={135},
  number={1},
  pages={5--9},
  year={2003},
  publisher={Elsevier}
}

@book{Ngu06,
  title={A first course in fuzzy logic},
  author={Walker, Elbert and Nguyen, Hung T},
  year={2006},
  publisher={Chapman \& Hall/CRC}
}


@book{Rei07,
  title={Logic, Language, Information and Computation: 14th International Workshop, WoLLIC 2007, Rio de Janeiro, Brazil, July 2-5, 2007, Proceedings},
  author={Leivant, Daniel and de Queiroz, Ruy},
  volume={4576},
  year={2007},
  publisher={Springer}
}

%\bibitem{Reiser08} R.H.S. Reiser, G.P. Dimuro,  B.R.C. Bedregal,  H. Santos and R.C. Bedregal,
%S-implications on bounded lattices and the interval constructor,
%\emph{TEMA} \textbf{9} (1) (2008),  143--154.

\bibitem{Reiser-tema2009} R.H.S. Reiser, B.C. Bedregal, R.H.C. Santiago and G.P. Dimuro,
Interval Valued {D}-implications, \emph{TEMA} \textbf{10} (1)
(2009), 63--74.


@article{SBA06,
  title={Formal aspects of correctness and optimality of interval computations},
  author={Santiago, Regivan H Nunes and Bedregal, Benjam{\'\i}n R Callejas and Aci{\'o}ly, Benedito Melo},
  journal={Formal Aspects of Computing},
  volume={18},
  number={2},
  pages={231--243},
  year={2006},
  publisher={Springer}
}

% \bibitem{Sambuc75}
%R.~Sambuc, ``Fonctions $\phi$-floues. Application l'aide au Diagnostic en
%  Pathologie Thyroidienne'', Ph.D. thesis, Univ. Marseille, Marseille, 1975.

\bibitem{SHI08}
Y.~Shi, B.Van Gasse, D.~Ruan and E. Kerre, On the first place
anti\-tonicity in QL-implications,\hspace{-0.1cm} \emph{Fuzzy Sets and Sys.}
\textbf{159}\hspace{-0.1cm}(2008),\hspace{-0.1cm} 2998--3013.

%\bibitem{Tur95} I. Turksen, Fuzzy normal forms, \emph{Fuzzy Sets and Systs.} \textbf{69} (1995)
% 319--346.

\bibitem{TurKrei98}
I. Turksen, V. Kreinovich and R. Yager, A new class of implications. Axioms of fuzzy implications revisited, \emph{Fuzzy Sets and Systs.}\textbf{100} (1998) 267--272.

%\bibitem{Vandierendonck}
%Vandierendonck, H., P.~Manet and J.~D. Legat, \emph{Application-specific
%  reconfigurable {XOR}-indexing to eliminate cache conflict misses}, in:
%  \emph{Proc. of the conference on Design, automation and test in Europe}
%  (2006), pp. 357--362.


\bibitem{Yag04}
R. Yager, On some new classes of implication operators and their role in
  approximate reasoning, \emph{Information Sciences}, \textbf{167} (2004),  193--216.

\bibitem{Yag08} R. Yager, Level sets and the extension principle for interval
valued fuzzy sets and its application to uncertainty measures,
 \emph{Information Sciences} \textbf{178} (18) (2008), 3565--3576.

@article{Zad65,
  title={Fuzzy sets},
  author={Zadeh, Lotfi A},
  journal={Information and control},
  volume={8},
  number={3},
  pages={338--353},
  year={1965},
  publisher={Elsevier}
}


@article{Zad75,
  title={The concept of a linguistic variable and its application to approximate reasoning—I},
  author={Zadeh, Lotfi Asker},
  journal={Information sciences},
  volume={8},
  number={3},
  pages={199--249},
  year={1975},
  publisher={Elsevier}
}

\bibitem{cit:SHI07} Y. Shi, D. Ruan and E.E. Kerre,``On the characterizations of fuzzy implications
satisfying $I(x,y)=I(x,I(x,y))$'', {\it Information Sciences},
2007.

@article{NEG1,
  title={Representability in interval-valued fuzzy set theory},
  author={Deschrijver, Glad and Cornelis, Chris},
  journal={International Journal of Uncertainty, Fuzziness and Knowledge-Based Systems},
  volume={15},
  number={03},
  pages={345--361},
  year={2007},
  publisher={World Scientific}
}

@article{bedregal2010interval,
  title={On interval fuzzy S-implications},
  author={Bedregal, Benjam{\'\i}n Callejas and Dimuro, Gra{\c{c}}aliz Pereira and Santiago, Regivan Hugo Nunes and Reiser, Renata Hax Sander},
  journal={Information Sciences},
  volume={180},
  number={8},
  pages={1373--1389},
  year={2010},
  publisher={Elsevier}
}
@book{pkekala2018uncertainty,
  title={Uncertainty Data in Interval-Valued Fuzzy Set Theory: Properties, Algorithms and Applications},
  author={P{\k{e}}kala, Barbara},
  volume={367},
  year={2018},
  publisher={Springer}
}
%não achei e coloquei (ju)
@article{baczynski2010ql,
  title={QL-implications: Some properties and intersections},
  author={Baczy{\'n}ski, Micha{\l} and Jayaram, Balasubramaniam},
  journal={Fuzzy Sets and Systems},
  volume={161},
  number={2},
  pages={158--188},
  year={2010},
  publisher={Elsevier}
}

@article{deschrijver2008representation,
  title={A representation of t-norms in interval-valued L-fuzzy set theory},
  author={Deschrijver, Glad},
  journal={Fuzzy Sets and Systems},
  volume={159},
  number={13},
  pages={1597--1618},
  year={2008},
  publisher={Elsevier}
}
